<record><leader>00000cas a2200000 a 4500</leader><controlfield tag="001">14866869</controlfield><controlfield tag="008">861124d18501860paudr ne      0    0eng c</controlfield><datafield ind1=" " ind2=" " tag="010"><subfield code="a">sn 87052095 </subfield></datafield><datafield ind1=" " ind2=" " tag="040"><subfield code="a">NPH</subfield><subfield code="b">eng</subfield><subfield code="c">NPH</subfield><subfield code="d">NPX</subfield><subfield code="d">NVF</subfield><subfield code="d">OCL</subfield><subfield code="d">CUI</subfield><subfield code="d">OCLCQ</subfield><subfield code="d">OCLCA</subfield><subfield code="d">DLC</subfield><subfield code="d">OCLCF</subfield><subfield code="d">OCLCO</subfield></datafield><datafield ind1="1" ind2=" " tag="029"><subfield code="a">AU@</subfield><subfield code="b">000020236652</subfield></datafield><datafield ind1=" " ind2=" " tag="042"><subfield code="a">pcc</subfield></datafield><datafield ind1=" " ind2=" " tag="043"><subfield code="a">n-us-pa</subfield></datafield><datafield ind1="0" ind2="0" tag="050"><subfield code="a">Newspaper</subfield></datafield><datafield ind1=" " ind2="4" tag="050"><subfield code="a">AN</subfield></datafield><datafield ind1="0" ind2=" " tag="130"><subfield code="a">Pennsylvania inquirer (Philadelphia, Pa. : 1850)</subfield></datafield><datafield ind1="1" ind2="0" tag="245"><subfield code="a">Pennsylvania inquirer.</subfield></datafield><datafield ind1=" " ind2=" " tag="260"><subfield code="a">Philadelphia, Pa. :</subfield><subfield code="b">Jesper Harding,</subfield><subfield code="c">1850-1860.</subfield></datafield><datafield ind1=" " ind2=" " tag="300"><subfield code="a">v.</subfield></datafield><datafield ind1=" " ind2=" " tag="310"><subfield code="a">Daily</subfield></datafield><datafield ind1="0" ind2=" " tag="362"><subfield code="a">Vol. 43, no. 1 (July 1, 1850)-v. 62, no. 78 (Mar. 31, 1860).</subfield></datafield><datafield ind1=" " ind2=" " tag="500"><subfield code="a">Also issued in triweekly editions.</subfield></datafield><datafield ind1=" " ind2=" " tag="500"><subfield code="a">Supplements accompany some issues.</subfield></datafield><datafield ind1=" " ind2="0" tag="651"><subfield code="a">Philadelphia (Pa.)</subfield><subfield code="v">Newspapers.</subfield></datafield><datafield ind1=" " ind2="0" tag="651"><subfield code="a">Philadelphia County (Pa.)</subfield><subfield code="v">Newspapers.</subfield></datafield><datafield ind1=" " ind2="7" tag="655"><subfield code="a">Newspapers.</subfield><subfield code="2">fast</subfield><subfield code="0">(OCoLC)fst01423814</subfield></datafield><datafield ind1=" " ind2="7" tag="651"><subfield code="a">Pennsylvania</subfield><subfield code="z">Philadelphia.</subfield><subfield code="2">fast</subfield><subfield code="0">(OCoLC)fst01204170</subfield></datafield><datafield ind1=" " ind2="7" tag="651"><subfield code="a">Pennsylvania</subfield><subfield code="z">Philadelphia County.</subfield><subfield code="2">fast</subfield><subfield code="0">(OCoLC)fst01217128</subfield></datafield><datafield ind1=" " ind2=" " tag="752"><subfield code="a">United States</subfield><subfield code="b">Pennsylvania</subfield><subfield code="c">Philadelphia</subfield><subfield code="d">Philadelphia.</subfield></datafield><datafield ind1="0" ind2="0" tag="780"><subfield code="t">Pennsylvania inquirer and national gazette (Philadelphia, Pa. : 1842)</subfield><subfield code="w">(DLC)sn 86081035</subfield><subfield code="w">(OCoLC)12755997</subfield></datafield><datafield ind1="0" ind2="0" tag="785"><subfield code="t">Philadelphia inquirer (Philadelphia, Pa. : 1860)</subfield><subfield code="w">(DLC)sn 86081050</subfield><subfield code="w">(OCoLC)12755963</subfield></datafield></record>